<?xml version="1.0" encoding="UTF-8"?>
<collection xmlns="http://www.loc.gov/MARC21/slim">
 <record>
  <leader>02529cam a2200505Ka 4500</leader>
  <controlfield tag="001">8353031</controlfield>
  <controlfield tag="005">20160809095446.4</controlfield>
  <controlfield tag="006">m        d        </controlfield>
  <controlfield tag="007">cr bn||||||abp</controlfield>
  <controlfield tag="007">cr bn||||||ada</controlfield>
  <controlfield tag="008">100519s1992    iluab   ob    001 0 eng d</controlfield>
  <controlfield tag="003">OLE</controlfield>
  <datafield tag="020" ind1=" " ind2=" ">
   <subfield code="z">0918986877 (pbk.)</subfield>
  </datafield>
  <datafield tag="020" ind1=" " ind2=" ">
   <subfield code="z">9780918986870 (pbk.)</subfield>
  </datafield>
  <datafield tag="035" ind1=" " ind2=" ">
   <subfield code="a">(OCoLC)622752055</subfield>
  </datafield>
  <datafield tag="035" ind1=" " ind2=" ">
   <subfield code="a">8353031</subfield>
  </datafield>
  <datafield tag="040" ind1=" " ind2=" ">
   <subfield code="a">OCLCE</subfield>
   <subfield code="b">eng</subfield>
   <subfield code="c">OCLCE</subfield>
   <subfield code="d">OCLCQ</subfield>
   <subfield code="d">CGU</subfield>
  </datafield>
  <datafield tag="042" ind1=" " ind2=" ">
   <subfield code="a">dlr</subfield>
  </datafield>
  <datafield tag="043" ind1=" " ind2=" ">
   <subfield code="a">f-ua---</subfield>
   <subfield code="a">i------</subfield>
  </datafield>
  <datafield tag="049" ind1=" " ind2=" ">
   <subfield code="a">CGUA</subfield>
  </datafield>
  <datafield tag="050" ind1=" " ind2="4">
   <subfield code="a">DT73.Q77</subfield>
   <subfield code="b">M49 1992</subfield>
  </datafield>
  <datafield tag="050" ind1=" " ind2="4">
   <subfield code="a">CB251</subfield>
   <subfield code="b">.C55 53</subfield>
  </datafield>
  <datafield tag="082" ind1="0" ind2="4">
   <subfield code="a">932</subfield>
   <subfield code="2">20</subfield>
  </datafield>
  <datafield tag="100" ind1="1" ind2=" ">
   <subfield code="a">Meyer, Carol,</subfield>
   <subfield code="d">1949-</subfield>
  </datafield>
  <datafield tag="245" ind1="1" ind2="0">
   <subfield code="a">Glass from Quseir al-Qadim and the Indian Ocean trade</subfield>
   <subfield code="h">[electronic resource] /</subfield>
   <subfield code="c">Carol Meyer.</subfield>
  </datafield>
  <datafield tag="260" ind1=" " ind2=" ">
   <subfield code="a">Chicago, Ill. :</subfield>
   <subfield code="b">Oriental Institute of The University of Chicago,</subfield>
   <subfield code="c">c1992.</subfield>
  </datafield>
  <datafield tag="300" ind1=" " ind2=" ">
   <subfield code="a">1 online resource (xxvi, 201 p.) :</subfield>
   <subfield code="b">ill., maps</subfield>
  </datafield>
  <datafield tag="490" ind1="1" ind2=" ">
   <subfield code="a">Studies in ancient oriental civilization ;</subfield>
   <subfield code="v">no. 53</subfield>
  </datafield>
  <datafield tag="504" ind1=" " ind2=" ">
   <subfield code="a">Includes bibliographical references (p. xv-xxvi) and index.</subfield>
  </datafield>
  <datafield tag="506" ind1=" " ind2=" ">
   <subfield code="3">Use copy</subfield>
   <subfield code="f">Restrictions unspecified</subfield>
   <subfield code="2">star</subfield>
   <subfield code="5">MiAaHDL</subfield>
  </datafield>
  <datafield tag="533" ind1=" " ind2=" ">
   <subfield code="a">Electronic reproduction.</subfield>
   <subfield code="b">[S.l.] :</subfield>
   <subfield code="c">HathiTrust Digital Library,</subfield>
   <subfield code="d">2010.</subfield>
   <subfield code="5">MiAaHDL</subfield>
  </datafield>
  <datafield tag="538" ind1=" " ind2=" ">
   <subfield code="a">Master and use copy. Digital master created according to Benchmark for Faithful Digital Reproductions of Monographs and Serials, Version 1. Digital Library Federation, December 2002.</subfield>
   <subfield code="u">http://purl.oclc.org/DLF/benchrepro0212</subfield>
   <subfield code="5">MiAaHDL</subfield>
  </datafield>
  <datafield tag="583" ind1="1" ind2=" ">
   <subfield code="a">digitized</subfield>
   <subfield code="c">2010</subfield>
   <subfield code="h">HathiTrust Digital Library</subfield>
   <subfield code="l">committed to preserve</subfield>
   <subfield code="2">pda</subfield>
   <subfield code="5">MiAaHDL</subfield>
  </datafield>
  <datafield tag="650" ind1=" " ind2="0">
   <subfield code="a">Glass trade</subfield>
   <subfield code="z">Indian Ocean Region</subfield>
   <subfield code="x">History.</subfield>
  </datafield>
  <datafield tag="650" ind1=" " ind2="0">
   <subfield code="a">Glass</subfield>
   <subfield code="z">Egypt</subfield>
   <subfield code="z">Qusayr al-Qadīm (Extinct city)</subfield>
  </datafield>
  <datafield tag="651" ind1=" " ind2="0">
   <subfield code="a">Qusayr al-Qadīm (Extinct city)</subfield>
  </datafield>
  <datafield tag="650" ind1=" " ind2="7">
   <subfield code="a">Glass.</subfield>
   <subfield code="2">fast</subfield>
   <subfield code="0">http://id.worldcat.org/fast/fst00943029</subfield>
  </datafield>
  <datafield tag="650" ind1=" " ind2="7">
   <subfield code="a">Glass trade.</subfield>
   <subfield code="2">fast</subfield>
   <subfield code="0">http://id.worldcat.org/fast/fst00943264</subfield>
  </datafield>
  <datafield tag="651" ind1=" " ind2="7">
   <subfield code="a">Egypt</subfield>
   <subfield code="z">Qusayr al-Qadīm (Extinct city)</subfield>
   <subfield code="2">fast</subfield>
   <subfield code="0">http://id.worldcat.org/fast/fst01896827</subfield>
  </datafield>
  <datafield tag="651" ind1=" " ind2="7">
   <subfield code="a">Indian Ocean Region.</subfield>
   <subfield code="2">fast</subfield>
   <subfield code="0">http://id.worldcat.org/fast/fst01243380</subfield>
  </datafield>
  <datafield tag="655" ind1=" " ind2="7">
   <subfield code="a">History.</subfield>
   <subfield code="2">fast</subfield>
   <subfield code="0">http://id.worldcat.org/fast/fst01411628</subfield>
  </datafield>
  <datafield tag="776" ind1="0" ind2="8">
   <subfield code="i">Print version:</subfield>
   <subfield code="a">Meyer, Carol, 1949-</subfield>
   <subfield code="t">Glass from Quseir al-Qadim and the Indian Ocean trade.</subfield>
   <subfield code="d">Chicago, Ill. : Oriental Institute of The University of Chicago, c1992</subfield>
   <subfield code="w">(DLC) 92061543</subfield>
   <subfield code="w">(OCoLC)28176616</subfield>
   <subfield code="w">(ICU)1478656</subfield>
  </datafield>
  <datafield tag="830" ind1=" " ind2="0">
   <subfield code="a">Studies in ancient oriental civilization ;</subfield>
   <subfield code="v">no. 53.</subfield>
  </datafield>
  <datafield tag="856" ind1="4" ind2="0">
   <subfield code="u">http://bibpurl.oclc.org/web/42159</subfield>
  </datafield>
  <datafield tag="928" ind1=" " ind2=" ">
   <subfield code="u">http://bibpurl.oclc.org/web/42159</subfield>
   <subfield code="c">FullText</subfield>
   <subfield code="l">Online</subfield>
   <subfield code="t">LCC</subfield>
   <subfield code="a">DT73.Q77M49 1992</subfield>
  </datafield>
 </record>
</collection>
